@online{ldaptor,
  title     = {Ldaptor library},
  url       = {https://github.com/twisted/ldaptor},
  author    = {Twisted},
  year      = 2024,
  urldate   = {2025-09-18}

}

@misc{rfc4511,
    series =    {Request for Comments},
    number =    4511,
    howpublished =  {RFC 4511},
    publisher = {RFC Editor},
    doi =       {10.17487/RFC4511},
    url =       {https://www.rfc-editor.org/info/rfc4511},
    author =    {Jim Sermersheim},
    title =     {{Lightweight Directory Access Protocol (LDAP): The Protocol}},
    pagetotal = 68,
    year =      2006,
    month =     jun,
    abstract =  {This document describes the protocol elements, along with their semantics and encodings, of the Lightweight Directory Access Protocol (LDAP). LDAP provides access to distributed directory services that act in accordance with X.500 data and service models. These protocol elements are based on those described in the X.500 Directory Access Protocol (DAP). {[}STANDARDS-TRACK{]}},
}

@online{mongo_repl,
  title     = {{R}eplication - {D}atabase {M}anual},
  url       = {www.mongodb.com/docs/manual/replication/},
  author    = {The {M}ongoDB Project},
  year      = 2025,
  urldate   = {2025-09-22}

}

@techreport{handrews-json-schema-01,
    number =    {draft-handrews-json-schema-01},
    type =      {Internet-Draft},
    institution =   {Internet Engineering Task Force},
    publisher = {Internet Engineering Task Force},
    note =      {Work in Progress},
    url =       {https://datatracker.ietf.org/doc/draft-handrews-json-schema/01/},
    author =    {Austin Wright and Henry Andrews},
    title =     {{JSON Schema: A Media Type for Describing JSON Documents}},
    pagetotal = 25,
    year =      2018,
    month =     mar,
    day =       19,
    abstract =  {JSON Schema defines the media type "application/schema+json", a JSON- based format for describing the structure of JSON data. JSON Schema asserts what a JSON document must look like, ways to extract information from it, and how to interact with it. The "application/ schema-instance+json" media type provides additional feature-rich integration with "application/schema+json" beyond what can be offered for "application/json" documents.},
}

@techreport{bhutton-json-schema-01,
    number =    {draft-bhutton-json-schema-01},
    type =      {Internet-Draft},
    institution =   {Internet Engineering Task Force},
    publisher = {Internet Engineering Task Force},
    note =      {Work in Progress},
    url =       {https://datatracker.ietf.org/doc/draft-bhutton-json-schema/01/},
    author =    {Austin Wright and Henry Andrews and Ben Hutton and Greg Dennis},
    title =     {{JSON Schema: A Media Type for Describing JSON Documents}},
    pagetotal = 78,
    year =      2022,
    month =     jun,
    day =       10,
    abstract =  {JSON Schema defines the media type "application/schema+json", a JSON- based format for describing the structure of JSON data. JSON Schema asserts what a JSON document must look like, ways to extract information from it, and how to interact with it. The "application/ schema-instance+json" media type provides additional feature-rich integration with "application/schema+json" beyond what can be offered for "application/json" documents.},
}

@article{10.1145/269005.266662,
author = {Fox, Armando and Gribble, Steven D. and Chawathe, Yatin and Brewer, Eric A. and Gauthier, Paul},
title = {Cluster-based scalable network services},
year = {1997},
issue_date = {Dec. 1997},
publisher = {Association for Computing Machinery},
address = {New York, NY, USA},
volume = {31},
number = {5},
issn = {0163-5980},
url = {https://doi.org/10.1145/269005.266662},
doi = {10.1145/269005.266662},
journal = {SIGOPS Oper. Syst. Rev.},
month = oct,
pages = {78â€“91},
numpages = {14}
}

@online{ad,
  title     = {[MS-ADTS]: Active Directory Technical Specification},
  url       = {https://learn.microsoft.com/en-us/openspecs/windows_protocols/ms-adts/d2435927-0999-4c62-8c6d-13ba31a52e1a},
  author    = Microsoft,
  year      = 2024,
  urldate   = {2025-09-22}
}

@ARTICLE{6122006,
  author={Gilbert, Seth and Lynch, Nancy},
  journal={Computer}, 
  title={Perspectives on the CAP Theorem}, 
  year={2012},
  volume={45},
  number={2},
  pages={30-36},
  keywords={Distributed databases;Relational databases;Data processing;Computer crashes;Reliability;Fault tolerance;Distributed computing;CAP theorem;Fault tolerance},
  doi={10.1109/MC.2011.389}}

