@online{ldaptor,
  title     = {Ldaptor library},
  url       = {https://github.com/twisted/ldaptor},
  author    = {Twisted},
  year      = 2024,
  urldate   = {2025-09-18}

}
@online{CiteDrive2022,
  title     = {CiteDrive brings reference management to Overleaf},
  author    = {CiteDrive, Inc},
  year      = 2022,
  url       = {https://www.citedrive.com/overleaf},
  urldate   = {2025-05-29}
}